@book{nielsen:2010,
	author = {Michael A. Nielseen e Isaac L. Chuang},
	title = {Quantum Computation and Quantum Information},
	year = {2010},
	publisher = {Cambridge University Press},
	edition = {10th}
}
