@book{nielsen:2010,
	author = {Michael A. Nielsen and Isaac L. Chuang},
	title = {Quantum Computation and Quantum Information},
	year = {2010},
	publisher = {Cambridge University Press},
	edition = {10th}
}

@misc{transistor2017,
furtherresp={Mat√©ria escrita por Rachel Courtland},
year = {2017},
organization={IEEE},
title={Intel Now Packs 100 Million Transistors in Each Square Millimeter},
url={https://spectrum.ieee.org/nanoclast/semiconductors/processors/intel-now-packs-100-million-transistors-in-each-square-millimeter},
urlaccessdate={28 maio 2018}
}

@article{bernstein2017,
title = {Post-quantum cryptography},
author={Daniel J. Bernstein and Tanja Lange},
journal={nature},
number={12},
pages={188-194},
section={Nature 549},
month={14 set.},
year={2017}
}
